@manual{lecture9,
    author = {Hui Hu},
    title = {Flow Visualiation Techniques: Shadowgraph and Schlieren},
    year = {2024},
    organization = {Iowa State University},
    url = {https://www.aere.iastate.edu/~huhui/teaching/2024-01S/AerE344/class-notes/AerE344-Lecture-09-Schielren-Shadowgraph.pdf},
}